<?xml version="1.0" encoding="UTF-8"?><record xmlns="http://www.loc.gov/MARC21/slim" xmlns:cinclude="http://apache.org/cocoon/include/1.0" xmlns:zs="http://www.loc.gov/zing/srw/">
  <leader>00521nz  a2200145n  4500</leader>
  <controlfield tag="001">no2008057974</controlfield>
  <controlfield tag="003">DLC</controlfield>
  <controlfield tag="005">20080418080421.0</controlfield>
  <controlfield tag="008">080416n| acannaabn          |a aaa     c</controlfield>
  <datafield tag="010" ind1=" " ind2=" ">
    <subfield code="a">no2008057974</subfield>
  </datafield>
  <datafield tag="035" ind1=" " ind2=" ">
    <subfield code="a">(OCoLC)oca07736789</subfield>
  </datafield>
  <datafield tag="040" ind1=" " ind2=" ">
    <subfield code="a">NjP</subfield>
    <subfield code="b">eng</subfield>
    <subfield code="c">NjP</subfield>
  </datafield>
  <datafield tag="100" ind1="1" ind2=" ">
    <subfield code="a">Pérez Valladares, Gilma</subfield>
  </datafield>
  <datafield tag="400" ind1="1" ind2=" ">
    <subfield code="a">Valladares, Gilma Pérez</subfield>
  </datafield>
  <datafield tag="670" ind1=" " ind2=" ">
    <subfield code="a">El marco legal e institucional para la protección de la niñez y la adolescencia ante la explotación sexual comercial en El Salvador, 2005:</subfield>
    <subfield code="b">p. 3 (Gilma Pérez Valladares)</subfield>
  </datafield>
</record>